@book{Cousteau1963,
abstract = {In The Living Sea Jacques Yves Cousteau describes the rich and exciting progress made in exploring life under water by the numerous scientific expeditions which he has been directing since, in his earlier book, The Silent World, he wrote this classic account of man's first experience on the continent below the sea.},
address = {London},
author = {{Cousteau Jacques} and {Dugan James}},
pages = {1--212},
publisher = {Hamish Hamilton},
title = {{The Living Sea: by Jacques-Yves Cousteau}},
type = {Book},
year = {1963}
}
@article{DL_receipt_understanding,
author = {Raoui-Outach, Rizlène and Million-Rousseau, Cécile and Benoit, Alexandre and Lambert, Patrick},
year = {2017},
month = {12},
pages = {},
title = {Deep Learning for automatic sale receipt understanding}
}
@article{Heuristics_extract,
author = {Ullah, Rafi and Sohani, Ali and Rai, Athaul and Ali, Faraz and Messier, Richard},
year = {2018},
month = {02},
pages = {},
title = {OCR Engine to Extract Food-Items, Prices, Quantity, Units from Receipt Images, Heuristics Rules Based Approach},
doi = {10.13140/RG.2.2.16640.74242}
}
@inproceedings{Receipts2Go,
author = {Janssen, Bill and Saund, Eric and Bier, Eric and Wall, Patricia and Sprague, Mary Ann},
year = {2012},
month = {09},
pages = {121-124},
title = {Receipts2Go: The big world of small documents},
doi = {10.1145/2361354.2361381}
}
@article{cockburn1997structuring,
  title={Structuring use cases with goals},
  author={Cockburn, Alistair},
  journal={Journal of Object-Oriented Programming},
  volume={10},
  number={5},
  pages={56--62},
  year={1997}
}
@incollection{Hunt:2000:PPJ:320326,
 author = {Hunt, Andrew and Thomas, David},
 title = {The Pragmatic Programmer: From Journeyman to Master},
 year = {1999},
 isbn = {0-201-61622-X},
 publisher = {Addison-Wesley Longman Publishing Co., Inc.},
 address = {Boston, MA, USA},
 pages = {204 - 207},
 chapter = {7. Before the Project},
}
@online{StatsEurope,
  title = {Mobile Operating System Market Share Europe | StatCounter Global Stats},
  year = 2019,
  url = {https://gs.statcounter.com/os-market-share/mobile/europe},
  urldate = {2019-08-27}
}
@online{StatsWorldwide,
  title = {Mobile Operating System Market Share Worldwide | StatCounter Global Stats},
  year = 2019,
  url = {https://gs.statcounter.com/os-market-share/mobile/worldwide},
  urldate = {2019-08-27}
}
@online{StatsRomania,
  title = {Mobile Operating System Market Share Romania | StatCounter Global Stats},
  year = 2019,
  url = {https://gs.statcounter.com/os-market-share/mobile/romania},
  urldate = {2019-08-27}
}
@book{ReactiveProgramming,
 author = {{Tomasz Nurkiewicz} and {Ben Christensen}},
 pages = {1-2},
 chapter = { Chapter 1: Reactive Programming with RxJava },
 publisher = {O’Reilly Media},
 title = {{Reactive Programming with RxJava: Creating Asynchronous, Event-Based Applications}},
 type = {Book},
 year = {2016}
}
@book{ObseverPattern,
 author = { Kathy Sierra, Elisabeth Freeman },
 pages = { 37-78 },
 chapter = { Chapter 2: the Observer Pattern },
 publisher = {O’Reilly Media},
 title = {Head First Design Patterns},
 type = {Book},
 year = {2004}
}